@online{mininet,
    Title = {Mininet},
    urldate = {2024-12-11},
    URL = {http://mininet.org/},
    Institution = {Mininet Project Contributors}
}