@online{mininet,
    Title = {Mininet},
    urldate = {2024-11-17},
    URL = {http://mininet.org/},
    Institution = {Mininet Project Contributors}
}

@online{iperf,
    Title = {IPerff},
    urdate = {2024-11-17},
    URL = {https://iperf.fr/}
}